@Article{self,
			author = {J. Mifsud},
            title = {},
			journal = {Xjenza Online},
			year = {2015},
			volume = {3},
            pages = {1--5}
}